@article{noauthor,
  title   = {article title},
  journal = {a journal},
  year    = {2015},
}
