@article{noauthor,
  title   = {article title},
  journal = {a journal},
  year    = {2015},
}
@article{noyear,
  title   = {article title},
  author  = {person},
  journal = {a journal},
}
@article{missing-comma,
  title   = {article title},
  author  = {person},
  year    = {2042}
  journal = {a journal},
}
