@article{notitle,
  year    = {2015},
  author  = {person},
  journal = {a journal},
}
